<record><leader>00000cas a22000007a 4500</leader><controlfield tag="001">11136545</controlfield><controlfield tag="008">840910d18uu1879iaucr ne      0    0eng d</controlfield><datafield ind1=" " ind2=" " tag="010"><subfield code="a">sn 84037931 </subfield></datafield><datafield ind1=" " ind2=" " tag="040"><subfield code="a">NPX</subfield><subfield code="b">eng</subfield><subfield code="c">NPX</subfield><subfield code="d">INP</subfield><subfield code="d">NVF</subfield><subfield code="d">OCLCQ</subfield></datafield><datafield ind1=" " ind2=" " tag="042"><subfield code="a">msc</subfield></datafield><datafield ind1="0" ind2="0" tag="245"><subfield code="a">Burlington semi-weekly hawk-eye.</subfield></datafield><datafield ind1="3" ind2="0" tag="246"><subfield code="a">Burlington hawk eye</subfield></datafield><datafield ind1="1" ind2="7" tag="246"><subfield code="a">Burlington daily hawk-eye</subfield></datafield><datafield ind1=" " ind2=" " tag="260"><subfield code="a">Burlington, Iowa :</subfield><subfield code="b">Hawk-eye Pub. Co.</subfield></datafield><datafield ind1=" " ind2=" " tag="300"><subfield code="a">v.</subfield></datafield><datafield ind1=" " ind2=" " tag="310"><subfield code="a">Semiweekly</subfield></datafield><datafield ind1="1" ind2=" " tag="362"><subfield code="a">Ceased Jan. 5, 1879.</subfield><subfield code="z">Cf. Burlington daily hawk-eye, Jan. 5, 1879.</subfield></datafield><datafield ind1=" " ind2=" " tag="500"><subfield code="a">"Semi-weekly" appears within title ornament, &lt;Aug. 30, 1876&gt;.</subfield></datafield><datafield ind1=" " ind2=" " tag="588"><subfield code="a">Description based on: Aug. 30, 1876.</subfield></datafield><datafield ind1=" " ind2=" " tag="752"><subfield code="a">United States</subfield><subfield code="b">Iowa</subfield><subfield code="c">Des Moines</subfield><subfield code="d">Burlington.</subfield></datafield><datafield ind1="0" ind2=" " tag="775"><subfield code="t">Burlington daily hawk-eye (Burlington, Iowa : 1860)</subfield><subfield code="w">(DLC)sn 82014128</subfield><subfield code="g">&lt;Aug. 30, 1876&gt;</subfield></datafield><datafield ind1="0" ind2=" " tag="775"><subfield code="t">Burlington hawk-eye (Burlington, Iowa : 1876)</subfield><subfield code="w">(DLC)sn 85049909</subfield><subfield code="g">&lt;Aug. 30, 1876&gt;</subfield></datafield><datafield ind1="0" ind2="0" tag="780"><subfield code="t">Semi-weekly hawk-eye</subfield><subfield code="w">(DLC)sn 82014127</subfield></datafield></record>